@article{shi2020graphaf,
  title={Graphaf: a flow-based autoregressive model for molecular graph generation},
  author={Shi, Chence and others},
  journal={International Conference on Learning Representations},
  year={2020}
}
